<record><leader>00000cas a22000007a 4500</leader><controlfield tag="001">37763752</controlfield><controlfield tag="008">971010d193819uumeuwr ne      0    0eng d</controlfield><datafield ind1=" " ind2=" " tag="010"><subfield code="a">sn 97062749 </subfield></datafield><datafield ind1=" " ind2=" " tag="040"><subfield code="a">MBN</subfield><subfield code="b">eng</subfield><subfield code="c">MBN</subfield><subfield code="d">OCLCQ</subfield></datafield><datafield ind1=" " ind2=" " tag="042"><subfield code="a">msc</subfield></datafield><datafield ind1="0" ind2="0" tag="245"><subfield code="a">Beachwood record.</subfield></datafield><datafield ind1=" " ind2=" " tag="260"><subfield code="a">[Me.] :</subfield><subfield code="b">Joseph Dunbar, Jr.</subfield></datafield><datafield ind1=" " ind2=" " tag="300"><subfield code="a">v.</subfield></datafield><datafield ind1=" " ind2=" " tag="588"><subfield code="a">Description based on: Vol. 2, no. 1 (July 8, 1939).</subfield></datafield><datafield ind1="0" ind2="0" tag="785"><subfield code="t">Goose Rocks weekly record</subfield></datafield></record>